%% This BibTeX bibliography file was created using BibDesk.
%% https://bibdesk.sourceforge.io/

%% Created for Robin PETIT at 2024-12-23 11:49:10 +0100 


%% Saved with string encoding Unicode (UTF-8) 

@inreference{TP_FFt,
author = {Eric, DETREZ},
title = {TP FFT},
year ={2021},
note={\url{https://info.faidherbe.org/ITC2/TP_FFT_2021.pdf}}
}

@Misc{noauthor_cooleytukey_2024,
  author =       {Wikipédia},
  title =        {Cooley-Tukey FFT algorithm},
  howpublished = {Wikipédia},
  month =        {Juillet},
  year =         {2024},
  note = {\url{https://en.wikipedia.org/w/index.php?title=Cooley%E2%80%93Tukey_FFT_algorithm&oldid=1237705262}}
}


@InProceedings{First_Article_Cooley_Tukey,
  title={An Algorithm for the Machine Calculation of Complex Fourier Series},
  author={James, W. Cooley and John, W. Tukey},
  booktitle = {Mathematics of Computation},
  year={1965},
  page = {297--301},
  publisher={American Mathematical Society}
}

@Article{ouahabi_analyseurs_2023,
  author =  {Ouahabi, Abdeldjalil},
  title =   {Analyseurs de signaux à base de transformation de Fourier},
  journal = {Techniques de l'ingénieur},
  year =    {2023},
  note={\url{https://www.techniques-ingenieur.fr/doi/10.51257/a/v2/r1156}},
}

@online{noauthor_how_nodate,
	title = {How Shazam Works - An explanation in Python {\textbar} Michael Strauss},
	note = {\url{https://michaelstrauss.dev/shazam-in-python}},
	year = {2021},
	bdsk-url-1 = {https://michaelstrauss.dev/shazam-in-python}}

@Misc{noauthor_fenetrage_2024,
  author =       {Wikipédia},
  title =        {Fenêtrage},
  howpublished = {Wikipédia},
  month =        {Juillet},
  year =         {2024},
  note = {\url{https://fr.wikipedia.org/w/index.php?title=Fen%C3%AAtrage&oldid=216528895}}
}
